<?xml version="1.0" encoding="UTF-8"?><record xmlns="http://www.loc.gov/MARC21/slim" xmlns:cinclude="http://apache.org/cocoon/include/1.0" xmlns:zs="http://www.loc.gov/zing/srw/">
  <leader>00453cz  a2200133n  4500</leader>
  <controlfield tag="001">n  86868288 </controlfield>
  <controlfield tag="003">DLC</controlfield>
  <controlfield tag="005">20080430080132.0</controlfield>
  <controlfield tag="008">861202n| acannaabn          |n aad      </controlfield>
  <datafield tag="010" ind1=" " ind2=" ">
    <subfield code="a">n  86868288 </subfield>
  </datafield>
  <datafield tag="035" ind1=" " ind2=" ">
    <subfield code="a">(OCoLC)oca01721599</subfield>
  </datafield>
  <datafield tag="040" ind1=" " ind2=" ">
    <subfield code="a">DLC</subfield>
    <subfield code="b">eng</subfield>
    <subfield code="c">DLC</subfield>
    <subfield code="d">OCoLC</subfield>
  </datafield>
  <datafield tag="100" ind1="1" ind2=" ">
    <subfield code="a">Blumstrom, Carol Marie</subfield>
  </datafield>
  <datafield tag="670" ind1=" " ind2=" ">
    <subfield code="a">nuc86-107517: Blumstrom, L.W. Life at the Nevada State Orphan's ... 1981</subfield>
    <subfield code="b">(hdg. on NvU rept.: Blumstrom, Carol Marie; usage: Carol Marie Blumstrom)</subfield>
  </datafield>
</record>